<?xml version="1.0" encoding="UTF-8"?><collection xmlns="http://www.loc.gov/MARC21/slim"><record><leader>00625nam--2200193-u-4500</leader><controlfield tag="001">000053538</controlfield><controlfield tag="002">20161230</controlfield><controlfield tag="005">20161230201051</controlfield><controlfield tag="008">110412s1000------------r-----000-0-eng-d</controlfield><datafield ind1=" " ind2=" " tag="020"><subfield code="a">354017592X</subfield></datafield><datafield ind1=" " ind2=" " tag="040"><subfield code="a">IFIN-HH</subfield></datafield><datafield ind1=" " ind2=" " tag="080"><subfield code="a">61</subfield></datafield><datafield ind1="1" ind2=" " tag="100"><subfield code="a">Robinson, D.G</subfield></datafield><datafield ind1="1" ind2="0" tag="245"><subfield code="a">Methods of preparation for electron microscopy</subfield><subfield code="b">An introduction for the biomedical sciences; with a foreword by k. muhlethaler</subfield><subfield code="c">D.g. robinson; u. ehlers; r. herken; b. herrmann; f. mayer; f.-w. schurmann</subfield></datafield><datafield ind1=" " ind2=" " tag="260"><subfield code="a">Berlin</subfield><subfield code="b">Springer</subfield><subfield code="c">1987</subfield></datafield><datafield ind1=" " ind2=" " tag="300"><subfield code="a">190P</subfield></datafield><datafield ind1="1" ind2=" " tag="700"><subfield code="a">Schurmann, F.-w</subfield></datafield><datafield ind1=" " ind2=" " tag="852"><subfield code="a">81218</subfield><subfield code="c">61</subfield></datafield><datafield ind1=" " ind2=" " tag="CAT"><subfield code="a">Sys</subfield><subfield code="c">20110412</subfield><subfield code="h">143734</subfield></datafield></record></collection>